<record><leader>00000cas a22000007a 4500</leader><controlfield tag="001">14261301</controlfield><controlfield tag="008">860925d19691970pauwr ne      0    0eng d</controlfield><datafield ind1=" " ind2=" " tag="010"><subfield code="a">sn 86083263 </subfield></datafield><datafield ind1=" " ind2=" " tag="040"><subfield code="a">NPH</subfield><subfield code="b">eng</subfield><subfield code="c">NPH</subfield><subfield code="d">OCLCQ</subfield></datafield><datafield ind1=" " ind2=" " tag="042"><subfield code="a">msc</subfield></datafield><datafield ind1="0" ind2="4" tag="245"><subfield code="a">The Citizen of Westmoreland.</subfield></datafield><datafield ind1="3" ind2="0" tag="246"><subfield code="a">Citizen</subfield></datafield><datafield ind1=" " ind2=" " tag="260"><subfield code="a">Youngwood, Pa. :</subfield><subfield code="b">Laurel Group Newspapers,</subfield><subfield code="c">1969-1970.</subfield></datafield><datafield ind1=" " ind2=" " tag="300"><subfield code="a">1 v. :</subfield><subfield code="b">ill. ;</subfield><subfield code="c">56 cm.</subfield></datafield><datafield ind1=" " ind2=" " tag="310"><subfield code="a">Weekly</subfield></datafield><datafield ind1="0" ind2=" " tag="362"><subfield code="a">Vol. 1, no. 1 (Aug. 6, 1969)-v. 1, no. 34 (Mar. 25, 1970).</subfield></datafield><datafield ind1=" " ind2=" " tag="500"><subfield code="a">" ... serving Youngwood, New Stanton, South Greensburg, Arona, Herminie, Madison &amp; surrounding areas."</subfield></datafield><datafield ind1=" " ind2=" " tag="515"><subfield code="a">Preceded by a preliminary sheet called v. 1, no. 0 (Aug. 6, 1969).</subfield></datafield><datafield ind1=" " ind2=" " tag="752"><subfield code="a">United States</subfield><subfield code="b">Pennsylvania</subfield><subfield code="c">Westmoreland</subfield><subfield code="d">Youngwood.</subfield></datafield></record>